@article{liu2024semi,
  title={Semi-supervised regression via embedding space mapping and pseudo-label smearing},
  author={Liu, Liyan and Zhang, Jin and Qian, Kun and Min, Fan},
  journal={Applied Intelligence},
  volume={54},
  number={20},
  pages={9622--9640},
  year={2024},
  publisher={Springer}
}

@article{petkovic2023clusplus,
  title={CLUSplus: A decision tree-based framework for predicting structured outputs},
  author={Petkovi{\'c}, Matej and Levati{\'c}, Jurica and Kocev, Dragi and Breskvar, Martin and D{\v{z}}eroski, Sa{\v{s}}o},
  journal={SoftwareX},
  volume={24},
  pages={101526},
  year={2023},
  publisher={Elsevier}
}